@misc{*, 
title={Importance Of Contextual Learning And Benefits To Learners: JBCN}, 
url={https://www.jbcnschool.edu.in/blog/importance-of-contextual-learning/}, 
journal={JBCN International School}, 
author={*, Name}}


@misc{the university of sydney,
title={Bachelor of Advanced Computing},
url={https://www.sydney.edu.au/courses/courses/uc/bachelor-of-advanced-computing.html}, 
journal={The University of Sydney}}


@misc{brynjolfsson_2017,
title={Data Scientist: The Sexiest Job of the 21st Century},
url={https://hbr.org/2012/10/data-scientist-the-sexiest-job-of-the-21st-century},
journal={Harvard Business Review},
author={Brynjolfsson, Andrew McAfee and Erik}, 
year={2017}, 
month={May}}


@article{ennis_1985, 
title={A Logical Basis for Measuring Critical Thinking Skills}, 
journal={Educational Leadership}, 
author={Ennis, Robert H.}, 
year={1985}, month={Jan}, 
pages={44–48}}


@misc{insights_2020, 
title={What is Digital Culture? – Everything You Need to Know}, 
url={https://gdsgroup.com/insights/technology/what-is-digital-culture/}, 
journal={GDS Group}, 
author={Insights, GDS}, 
year={2020}, 
month={Sep}}


@misc{scrip_2015,
title={Developing Critical Thinking Skills from Dispositions to Abilities: Mathematics Education from Early Childhood to High School},
url={https://www.scirp.org/html/4-6302376_54944.htm?pagespeed=noscript#P461},
journal={Creative Education},
publisher={Scientific Research Publishing},
author={Scrip},
year={2015},
month={Mar}}


@misc{simplilearn_2021,
title={What is Data Science and its Importance in 2021},
url={https://www.simplilearn.com/tutorials/data-science-tutorial/what-is-data-science},
journal={Simplilearn.com},
publisher={Simplilearn},
author={Simplilearn},
year={2021},
month={May}}


@misc{the university of sydney, 
title={Technology and Culture}, 
url={https://www.sydney.edu.au/courses/units-of-study/2021/arin/arin3610.html}, 
journal={The University of Sydney}}


@misc{the university of sydney,
title={The Past and Futures of Digital Cultures},
url={https://www.sydney.edu.au/courses/units-of-study/2021/arin/arin1001.html},
journal={The University of Sydney}}


@misc{data science - science - the university of sydney, 
title={The University of Sydney - Science Undergraduate Handbook 2021}, 
url={https://www.sydney.edu.au/handbooks/science/subject_areas_ae/data_science.shtml}, 
journal={Data Science - Science - The University of Sydney}}


@misc{support for businesses in australia, 
title={Understand the benefits of going digital}, 
url={https://business.gov.au/online/understand-the-benefits-of-going-digital}, 
journal={Support for businesses in Australia}}


@misc{the university of sydney,
title={Foundations of Business Analytics},
url={https://www.sydney.edu.au/units/QBUS1040},
journal={The University of Sydney}}

@misc{the university of sydney,
title={Introduction to Project Management},
url={https://www.sydney.edu.au/units/ENGG1850},
journal={The University of Sydney}}

@misc{the university of sydney,
title={QBUS2810 Statistical Modelling for Business},
url={https://www.sydney.edu.au/units/QBUS2810},
journal={The University of Sydney}}

@misc{Systems Engineering Society of Australia,
title={What is Systems Engineering},
url={https://www.sesa.org.au/what-is-systems-engineering/},
journal={Systems Engineering Society of Australia}}

@misc{TextExpander,
title={7 Stages of the System Development Life Cycle},
url={https://www.sesa.org.au/what-is-systems-engineering/},
journal={Systems Engineering Society of Australia}}


@misc{Macquarie University,
title={Master of Information Systems Management},
url={https://courses.mq.edu.au/2020/domestic/postgraduate/master-of-information-systems-management},
journal={Macquarie University}}

https://courses.mq.edu.au/2020/domestic/postgraduate/master-of-information-systems-management


@misc{Harvard Business Review
title={How Effective Managers use Information Systems},
url={https://hbr.org/1976/11/how-effective-managers-use-information-systems},
journal={Harvard Business Review},
author={Alter, S. L.}, 
year={1976}, 
month={November}}




@misc{noauthor_cs262_nodate,
	title = {{CS262} - {Computational} {Genomics}},
	url = {https://web.stanford.edu/class/cs262/cgi-bin/index.php},
	urldate = {2021-06-03},
	file = {CS262 - Computational Genomics:/Users/miachilders/Zotero/storage/S9K37XRN/index.html:text/html}
}

@misc{noauthor_computer_2019,
	title = {The {Computer} {Science} behind {DNA} {Sequencing}},
	url = {https://sitn.hms.harvard.edu/flash/2019/the-computer-science-behind-dna-sequencing/},
	abstract = {Key technological advances over the last two decades have yielded information about the very core of human beings: our DNA.},
	language = {en-US},
	urldate = {2021-06-03},
	journal = {Science in the News},
	month = apr,
	year = {2019},
	file = {Snapshot:/Users/miachilders/Zotero/storage/ETS69DCE/the-computer-science-behind-dna-sequencing.html:text/html}
}

@misc{noauthor_unit_nodate,
	title = {Unit {Outline} {GEGE2001}},
	url = {https://www.sydney.edu.au/units/GEGE2001/2020-S1C-ND-CC},
	language = {en-AU},
	urldate = {2021-06-03},
	journal = {The University of Sydney},
	file = {Snapshot:/Users/miachilders/Zotero/storage/MRVBJ8RK/2020-S1C-ND-CC.html:text/html}
}

@misc{noauthor_unit_nodate-1,
	title = {Unit {Outline} {BCMB2001}},
	url = {https://www.sydney.edu.au/units/BCMB2001/2021-S1C-ND-CC},
	language = {en-AU},
	urldate = {2021-06-03},
	journal = {The University of Sydney},
	file = {Snapshot:/Users/miachilders/Zotero/storage/WIPPB8PV/2021-S1C-ND-CC.html:text/html}
}
